usage: http://mirrors.ctan.org/biblio/bibtex/base/btxdoc.pdf
       https://en.wikibooks.org/wiki/LaTeX/Bibliography_Management#BibTeX

examples:

book{latex:companion,
  author    = {Frank Mittelbach and Michel Gossens
               and Johannes Braams and David Carlisle
               and Chris Rowley},
  title     = {The {\LaTeX} Companion},
  year      = {2004},
  edition   = {2},
  isbn      = {978-0201362992},
  publisher = {Addison-Wesley Professional},
  pages     = {5--54,155--168},
  pagetotal = {1120}
}

misc{wiki:latex,
  author = {{Wikipedia contributors}},
  title  = {LaTeX --- {Wikipedia}{,} The Free Encyclopedia},
  year   = {2022},
  url    = {https://en.wikipedia.org/w/index.php?title=LaTeX&oldid=1112101761},
  note   = {[Online; accessed 25-September-2022]}
}


alles für BLDC:
@misc{template:latex,
  author       = "Rene Hampölz",
  howpublished = "\url{https://github.com/hampoelz/HTL_Thesis-Template}",
  title        = "HTL Weiz LaTeX Vorlage für Diplomarbeiten",
  year         = "2023"
}
@misc{wiki:BLDC,
  author = {{Wikipedia Autoren}},
  title  = {Bürstenloser Gleichstrommotor},
  year   = {2022},
  url    = {https://de.wikipedia.org/wiki/B%C3%BCrstenloser_Gleichstrommotor},
  note   = {[Online; accessed 13-March-2023]}
}

@misc{nanotec:BLDC,
  author = {{Nanotec Electronic GmbH und Co. KG}},
  title  = {Bürstenlose DC-Motoren},
  year   = {2023},
  url    = {https://de.nanotec.com/produkte/156-bldc-buerstenlose-dc-motoren#:~:text=Die%20meisten%20BLDC%2DMotoren%20sind,in%20der%20Magnete%20angebracht%20sind.},
  note   = {[Online; accessed 13-March-2023]}
}
@misc{lgeeks:BLDC, 
  author = {{Sneha Panda}},
  title  = {Outrunner vs Inrunner: Vergleichende Analyse zu DC, BLDC, Elektromotor und Fakten},
  year   = {2023},
  url    = {https://de.lambdageeks.com/outrunner-vs-inrunner/},
  note   = {[Online; accessed 13-March-2023]}
}
@misc{cdyn:BLDC, 
  author = {{Compact Dynamics GmbH}},
  title  = {Aviation},
  year   = {2023},
  url    = {https://www.compact-dynamics.de/aviation/},
  note   = {[Online; accessed 14-March-2023]}
}
@misc{sflix:Kommutierung, 
  author = {{Studyflix GmbH}},
  title  = {Bürstenloser Gleichstrommotor},
  year   = {2023},
  url    = {https://studyflix.de/elektrotechnik/burstenloser-gleichstrommotor-1426},
  note   = {[Online; accessed 14-March-2023]}
}

@misc{SPSM:SLKomm, 
  author = {{Dipl.-Stat. B. Al-Scheikly}},
  title  = {Sensorlose Ansteuerung},
  year   = {2023},
  url    = {https://www.sps-magazin.de/antriebstechnik/sensorlose-ansteuerung/},
  note   = {[Online; accessed 18-March-2023]}
}
@misc{ASPINA:BLDC, 
  author = {{Shinano Kenshi}},
  title  = {Brushless DC motor applications: examples that demonstrate their features},
  year   = {2020},
  url    = {https://eu.aspina-group.com/en/learning-zone/columns/what-is/016/},
  note   = {[Online; accessed 18-March-2023]}
}


Alles für SONZEBOZ

@techreport{SONCEBOZ,
    author    = {Société Industrielle De Sonceboz SA},
    title     = {Technical customer information CPM90 SONCEBOZ NR. : 5934, 5932},
    institution = {Société Industrielle De Sonceboz SA},
    year      = {2020},
}